<record><leader>00000cas a22000007a 4500</leader><controlfield tag="001">19718097</controlfield><controlfield tag="008">890517u19uuuuuulauuu ne      0    0eng d</controlfield><datafield ind1=" " ind2=" " tag="010"><subfield code="a">sn 89059223 </subfield></datafield><datafield ind1=" " ind2=" " tag="040"><subfield code="a">LNP</subfield><subfield code="b">eng</subfield><subfield code="c">LNP</subfield><subfield code="d">NST</subfield><subfield code="d">CRU</subfield><subfield code="d">OCLCQ</subfield><subfield code="d">OCLCO</subfield><subfield code="d">OCLCF</subfield><subfield code="d">CGU</subfield><subfield code="d">OCL</subfield><subfield code="d">OCLCO</subfield></datafield><datafield ind1=" " ind2=" " tag="012"><subfield code="i">9008</subfield></datafield><datafield ind1="1" ind2=" " tag="029"><subfield code="a">AU@</subfield><subfield code="b">000025905458</subfield></datafield><datafield ind1=" " ind2=" " tag="042"><subfield code="a">msc</subfield></datafield><datafield ind1="1" ind2="4" tag="050"><subfield code="a">PZ1.A3</subfield><subfield code="b">F458</subfield></datafield><datafield ind1="0" ind2="0" tag="245"><subfield code="a">Fed's n' heads.</subfield></datafield><datafield ind1="3" ind2="0" tag="246"><subfield code="a">Fed's and heads</subfield></datafield><datafield ind1=" " ind2=" " tag="260"><subfield code="a">[New Orleans, La. :</subfield><subfield code="b">s.n.]</subfield></datafield><datafield ind1=" " ind2=" " tag="300"><subfield code="a">v. :</subfield><subfield code="b">ill. ;</subfield><subfield code="c">25 cm.</subfield></datafield><datafield ind1=" " ind2=" " tag="588"><subfield code="a">Description based on: May 1971?</subfield></datafield><datafield ind1=" " ind2="0" tag="650"><subfield code="a">Science fiction comic books, strips, etc.</subfield><subfield code="v">Periodicals.</subfield></datafield><datafield ind1=" " ind2="0" tag="650"><subfield code="a">Comic books, strips, etc.</subfield><subfield code="v">Periodicals.</subfield></datafield><datafield ind1=" " ind2="7" tag="650"><subfield code="a">Comic books, strips, etc.</subfield><subfield code="2">fast</subfield><subfield code="0">(OCoLC)fst00869145</subfield></datafield><datafield ind1=" " ind2="7" tag="650"><subfield code="a">Science fiction comic books, strips, etc.</subfield><subfield code="2">fast</subfield><subfield code="0">(OCoLC)fst01108613</subfield></datafield><datafield ind1=" " ind2="7" tag="655"><subfield code="a">Periodicals.</subfield><subfield code="2">fast</subfield><subfield code="0">(OCoLC)fst01411641</subfield></datafield><datafield ind1=" " ind2=" " tag="752"><subfield code="a">United States</subfield><subfield code="b">Louisiana</subfield><subfield code="c">Orleans</subfield><subfield code="d">New Orleans.</subfield></datafield><datafield ind1=" " ind2=" " tag="850"><subfield code="a">CU-Riv</subfield></datafield></record>